@book{BK08,
  author    = {Christel Baier and Joost{-}Pieter Katoen},
  title     = {Principles of model checking},
  publisher = {{MIT} Press},
  year      = 2008
}